<record><leader>00000cas a22000007a 4500</leader><controlfield tag="001">17420360</controlfield><controlfield tag="008">880202d1uuu19uuohuwr ne      0    0eng d</controlfield><datafield ind1=" " ind2=" " tag="010"><subfield code="a">sn 88077127 </subfield></datafield><datafield ind1=" " ind2=" " tag="040"><subfield code="a">ONP</subfield><subfield code="b">eng</subfield><subfield code="c">ONP</subfield><subfield code="d">OCLCQ</subfield></datafield><datafield ind1=" " ind2=" " tag="042"><subfield code="a">msc</subfield></datafield><datafield ind1="0" ind2=" " tag="130"><subfield code="a">Herald (Tipp City, Ohio : 1902)</subfield></datafield><datafield ind1="1" ind2="4" tag="245"><subfield code="a">The Herald.</subfield></datafield><datafield ind1=" " ind2=" " tag="260"><subfield code="a">Tippecanoe City [i.e. Tipp City], Ohio :</subfield><subfield code="b">Tipp Print.-Pub. Co.</subfield></datafield><datafield ind1=" " ind2=" " tag="310"><subfield code="a">Weekly</subfield></datafield><datafield ind1=" " ind2=" " tag="588"><subfield code="a">Description based on: Vol. 33, no. 23 (Nov. 6, 1902).</subfield></datafield><datafield ind1=" " ind2=" " tag="752"><subfield code="a">United States</subfield><subfield code="b">Ohio</subfield><subfield code="c">Miami</subfield><subfield code="d">Tipp City.</subfield></datafield><datafield ind1=" " ind2=" " tag="752"><subfield code="a">United States</subfield><subfield code="b">Ohio</subfield><subfield code="c">Miami</subfield><subfield code="d">Tippecanoe City.</subfield></datafield><datafield ind1="0" ind2="0" tag="780"><subfield code="t">Tippecanoe City herald (Tipp City, Ohio : 1869)</subfield><subfield code="w">(DLC)sn 85026281</subfield></datafield><datafield ind1="0" ind2="0" tag="785"><subfield code="t">Tipp City herald</subfield><subfield code="w">(DLC)sn 84006200</subfield></datafield></record>